@inproceedings{fucci1,
 author = {Fucci, Davide and Turhan, Burak and Oivo, Markku},
 title = {On the Effects of Programming and Testing Skills on External Quality and Productivity in a Test-driven Development Context},
 booktitle = {Proceedings of the 19th International Conference on Evaluation and Assessment in Software Engineering},
 series = {EASE '15},
 year = {2015},
 isbn = {978-1-4503-3350-4},
 location = {Nanjing, China},
 pages = {25:1--25:6},
 articleno = {25},
 numpages = {6},
 url = {http://doi.acm.org/10.1145/2745802.2745826},
 doi = {10.1145/2745802.2745826},
 acmid = {2745826},
 publisher = {ACM},
 address = {New York, NY, USA},
 keywords = {developers' productivity, developers' skills, external quality, unit testing},
} 

@INPROCEEDINGS{fucci2, 
author={D. Fucci and B. Turhan}, 
booktitle={2013 ACM / IEEE International Symposium on Empirical Software Engineering and Measurement}, 
title={A Replicated Experiment on the Effectiveness of Test-First Development}, 
year={2013}, 
pages={103-112}, 
keywords={program testing;software quality;Mann-Whitney tests;TF development;control group;correlation study;developer productivity;development practice;production code;replicated experiment;software product quality;test-first development;test-last approach;Context;Correlation;Measurement;Productivity;Programming;Software;experiment replication;productivity;software quality;test-driven development}, 
doi={10.1109/ESEM.2013.15}, 
ISSN={1949-3770}, 
month={Oct},}

@inproceedings{fucci3,
 author = {Fucci, Davide and Turhan, Burak and Oivo, Markku},
 title = {Impact of Process Conformance on the Effects of Test-driven Development},
 booktitle = {Proceedings of the 8th ACM/IEEE International Symposium on Empirical Software Engineering and Measurement},
 series = {ESEM '14},
 year = {2014},
 isbn = {978-1-4503-2774-9},
 location = {Torino, Italy},
 pages = {10:1--10:10},
 articleno = {10},
 numpages = {10},
 url = {http://doi.acm.org/10.1145/2652524.2652526},
 doi = {10.1145/2652524.2652526},
 acmid = {2652526},
 publisher = {ACM},
 address = {New York, NY, USA},
 keywords = {developers productivity, regression models, software quality, test-driven development},
} 

@book{wohlin1,
 author = {Wohlin, Claes and Runeson, Per and H\"{o}st, Martin and Ohlsson, Magnus C. and Regnell, Bj\"{o}orn and Wessl{\'e}n, Anders},
 title = {Experimentation in Software Engineering: An Introduction},
 year = {2000},
 isbn = {0-7923-8682-5},
 publisher = {Kluwer Academic Publishers},
 address = {Norwell, MA, USA},
} 

@ARTICLE {henchy1,
    author  = "Thomas Henchy, David C. Glass",
    title   = "Evaluation apprehension and the social facilitation of domnant and subordinate responses",
    journal = "Journal of Personality and Social Psychology",
    year    = "1969",
    volume  = "10",
    number  = "4",
    pages   = "446-454",
    month   = "jan"
}